<?xml version="1.0" encoding="UTF-8"?><collection xmlns="http://www.loc.gov/MARC21/slim"><record><leader>00514nam--2200121-i-4500</leader><controlfield tag="001">000016208</controlfield><controlfield tag="002">20161230</controlfield><controlfield tag="005">20161230201031</controlfield><controlfield tag="008">060222s1000------------r-----000-0-eng-d</controlfield><datafield ind1=" " ind2=" " tag="100"><subfield code="a">Botrel,Alain</subfield></datafield><datafield ind1=" " ind2=" " tag="245"><subfield code="a">Contribution a l interpretation des propriete s physicochimiques a l aide de la methode de huckel etendue a l ensemble des electrons de valence.etude des conformations moleculaires , des moments dipolares et des forces acides et applications aux series</subfield></datafield><datafield ind1=" " ind2=" " tag="260"><subfield code="a">Rennes,Universite,1973. 104p</subfield></datafield><datafield ind1=" " ind2=" " tag="852"><subfield code="a">77943</subfield></datafield></record></collection>